@book{AHO1995,
 author = {Alfred V. Aho and Ravi Sethi and Jeffrey D. Ullman},
 title = {Compilers, Principles, Techniques and Tools},
 year = {1995},
 publisher = {Company, Reading},
 address = {Massachusetts, USA},
 }

@book{RANGEL1999,
 author = {José Lucas Rangel},
 title = {Compiladores},
 year = {1999},
 publisher = {PUC-Rio},
 address = {Rio de Janeiro, RJ, Brasil},
 }