@book{JG1990,
 author = {R. Joyce and G. Gupta},
 title = {Identity authorization based on keystroke latencies},
 year = {1990},
 publisher = {Communications of the ACM, Vol. 33., No 2},
 }

@BOOK{ARAUJO2004,
title = {Uma metodologia para autenticação pessoal baseada em Dinâmica da Digitação},
author = {L. Araújo},
publisher = {UNICAMP},
year = {2004},
address = {Campinas, SP, Brasil},
}

@book{COSTA2006,
author = {C. Costa},
title = {Autenticação Biométrica via teclado numérico baseada na dinâmica da digitação},
year = {2006},
publisher = {UNICAMP},
address = {Campinas, SP, Brasil},
 }

@book{LEGGETT1990,
 author = {J. Leggett and G. Usnik},
 title = {Dynamic identity verification via keystroke characteristics},
 year = {1990},
 publisher = {International Journal of Man-Machine Studies, Vol. 35.},
 }

@book{UW1985,
 author = {D. Umphress and G. Williams},
 title = {Identity verification through keyboard characteristics},
 year = {1985},
 publisher = {International Journal of Man-Machine Studies, Vol. 23},
 }

@book{LW1987,
 author = {J. Leggett and G. Williams},
 title = {Verifying identity via keystroke characteristics},
 year = {1987},
 publisher = {International Journal of Man-Machine Studies, Vol. 28},
 }

@book{BLEHA1990,
 author = {S. Bleha and C.Slivinsky and B. Hussain},
 title = {Computer-Access Security Systems Using Keystroke Dynamics},
 year = {1990},
 publisher = {IEEE Trans. Pattern Anal. Machine Intell., Vol. 12},
 }

@book{MONROSE1999,
 author = {F. Monrose and M. Reiter and S, Wetzel},
 title = {Password Hardening Based on Keystroke Dynamics},
 year = {1999},
 publisher = {6th ACM Conference on Computer Security},
 }

@book{OBAIDAT1997,
 author = {M. Obaidat and B. Sadoun},
 title = {Verification of Computer User Using Keystroke Dynamics,},
 year = {1997},
 publisher = {IEEE Trans. Syst., Man, Cybern., Vol. 27},
}

@book{BROW1993,
 author = {M. Brow and M. Rogers},
 title = {User identification via keystroke characteristics of typed names using neural networks},
 year = {1993},
 publisher = {Disponível em: http://portal.acm.org/citation.cfm?id=1085126.1085129},
}

@book{HAIDER2000,
author = {S. Haider and A. Abbas and A. Zaidi},
title = {A Multi-Technique Approach for User Identification through Keystroke Dynamics},
year = {2000},
publisher = {IEEE Int. Conference of Syst., Man and Cybern., Vol. 2},
}

@book{CHO2000,
 author = {S. Cho and C. Han and H. Kim},
 title = {Web-based keystroke dynamics identity verification using neural network},
 year = {2000},
 publisher = {Disponível em: http://www.informaworld.com/smpp/content~content=a785829106~db=all},
 }

@book{YCHO2004,
 author = {E. Yu and S. Cho},
 title = {Keystroke dynamics identity verification - its problems and practical solutions},
 year = {2004},
 note = {Disponível em: http://www.sciencedirect.com/science?\_ob=ArticleURL\_udi=B6V8G-4CMW0SJ-1\_user=686368\_rdoc=1\_fmt=\_orig=search\_sort=dview=c\_acct=C000037519\_version=1\_urlVersion=0\_userid=686368=md5=9b3d85d376c3118e5fb82d56300266f6},
 }

@book{CAVALCANTI2005,
 author = {G. Cavalcanti},
 title = {Composição de Biometrias para Sistemas Multimodais de Verificação de Identidade Pessoal},
 year = {2005},
 publisher = {Disponível em: http://www.bdtd.ufpe.br/tedeSimplificado//tde\_busca/arquivo.php?codArquivo=402},
 }

@book{BERGADANO2002,
 author = {F. Bergadano and D. Gunneti and C. Pikardi},
 title = {User authentication through keystroke dynamics},
 year = {2002},
 publisher = {ACM Transactions on Information and System Security},
 }

@book{CERT2006,
 author = {CERT.BR},
 title = {Cartilha de Segurança da Informação},
 year = {2006},
 publisher = {http://cartilha.cert.br/conceitos},
 }

@book{FILHO2004,
 author = {A. Filho},
 title = {Segurança da Informação: Sobre a necessidade de Proteção de Sistemas de Informação},
 year = {2004},
 publisher = {Disponível em: http://www.espacoacademico.com.br/042/42amsf.htm },
 }

@book{FONSECA2006,
 author = {F. Fonseca},
 title = {Curso Básico de Segurança da Informação, Introdução à Segurança da Informação},
 year = {2006},
 publisher = {Academia Latino-Americana de Segurança da Informação},
 }

@book{GAVA2006,
 author = {E. Gava},
 title = {Sistemas Biométricos com ênfase na dinâmica da digitação},
 year = {2006},
 publisher = {Disponível em: http://www.fatec.br/html/sistemas\_biometricos.pdf },
 }

@book{HEINEN2005,
 author = {M. Heinen and F. Osório},
 title = {Biometria Comportamental: Pesquisa e desenvolvimento de usuários utilizando assinaturas manuscritas},
 year = {2005},
 publisher = {Disponível em: www.dcc.ufla.br/infocomp/artigos/v3.2/art06.pdf},
 }

@book{JAIN2000,
 author = {A. Jain and L. Hong and S. Pankanti},
 title = {Biometric Identification},
 year = {2000},
 publisher = {Communications of the ACM},
 }

@book{JULIO2007,
 author = {R. Júlio},
 title = {O Reconhecimento Biométrico },
 year = {2007},
 publisher = {Disponível em: http://bsi.cneccapivari.br/?q=node/39},
 }

@book{MAGALHAES2003,
 author = {P. Magalhães and H. Santos},
 title = {Biometria e Autenticação},
 year = {2003},
 publisher = {http://repositorium.sdum.uminho.pt/handle/1822/2184},
 }


@book{MEDEIROS2001,
 author = {C. Medeiros},
 title = {Segurança da Informação: Implantação de Medidas e Ferramentas de Segurança da Informação},
 year = {2001},
 publisher = {Disponível em: http://www.linuxsecurity.com.br/info/general/TCE\_Seguranca\_da\_Informacao.pdf},
 }

@book{MOREIRA2001,
 author = {N. Moreira},
 title = {Segurança Mínima, Uma Visão Corporativa da Segurança da Informação},
 year = {2001},
 publisher = {Axcel Books},
 }

@book{MARCELO2001,
 author = {A. Marcelo},
 title = {Biometria},
 year = {2001},
 publisher = {Disponível em: www.fieo.br/v2/central\_aluno?revista/rev2001/biometria.htm},
 }

@book{ROCHA2004,
 author = {P. Rocha},
 title = {Um estudo sobre sistemas biométricos multimodais},
 year = {2004},
 publisher = {Universidade Federal de Goiás},
 address = {Catalão, GO, Brasil},
 }

@book{SILBER2004,
 author = {A. Silberchatz and P. Galvin and G. Gagne},
 title = {Sistemas Operacionais com Java},
 year = {2004},
 publisher = {Editora Campous 2004},
 }

@book{VIGLI2003,
 author = {D. Vigliazzi},
 title = {Biometria, Medidas de Segurança},
 year = {2003},
 publisher = {Visual Books, 2003.},
 }

@book{ZAPATAR2005,
 author = {M. Zapatar and R. Suzuki},
 title = {Segurança da Informação, Um diferencial determinante na competitividade das corporações},
 year = {2005},
 publisher = {PROMOM 2005},
 }

@book{STAMP2006,
 author = {M. Stamp},
 title = {Information Security, principles and practice},
 year = {2006},
 publisher = {Wiley-Interscience},
 }

@book{MOLINARI2008,
 author = {L. Molinario},
 title = {Testes Funcionais de Software},
 year = {2008},
 publisher = {Visual Books, 1° edição},
 }

@book{DELAMARO2007,
 author = {M. Delamaro and J. Maldonado and M.Jino},
 title = {Introduçao ao Teste de Software},
 year = {2007},
 publisher = {Editora Campus},
 }

@book{BEIZER1995,
 author = {B. Beizer},
 title = {Black-Box Testing},
 year = {1995},
 publisher = {Wiley-Interscience},
 }
